@misc{pwset,
    title={Powerset implementation},
    url={https://www.techiedelight.com/generate-powerset-set-java/},
    journal={Techie Delight}
}
